@Article{Hansen2022,
author={Hansen, Christopher
and Steinmetz, Holger
and Block, J{\"o}rn},
title={How to conduct a meta-analysis in eight steps: a practical guide},
journal={Management Review Quarterly},
year={2022},
volume={72},
number={1},
pages={1-19},
doi={10.1007/s11301-021-00247-4},
}
@book{Cleophas2017,
title={Modern meta-analysis: Review and update of methodologies},
author={Cleophas, J Ton and Zwinderman, H Aeilko},
year={2017},
publisher={Springer}
}
@misc{vandenakker2023, 
title={The effectiveness of preregistration in psychology: Assessing preregistration strictness and preregistration-study consistency},
url={osf.io/preprints/metaarxiv/h8xjw},
DOI={10.31222/osf.io/h8xjw},
publisher={MetaArXiv},
author={Van den Akker, Olmo and Bakker, Marjan and van Assen, Marcel A L M and Pennington, Charlotte R and Verweij, Leone and Elsherif, Mahmoud M and Claesen, Aline and Gaillard, Stefan D M and Yeung, Siu Kit and Frankenberger, Jan-Luca and et al.},
year={2023},
month={May}
}
@article{Moreau2022,
title={Conducting a meta-analysis in the age of open science: Tools, tips, and practical recommendations.},
author={Moreau, David and Gamble, Beau},
journal={Psychological Methods},
volume={27},
number={3},
pages={426},
year={2022},
doi={10.1037/met0000351}
}
@article{Siddaway2019,
title={How to Do a Systematic Review: A Best Practice Guide for Conducting and Reporting Narrative Reviews, Meta-Analyses, and Meta-Syntheses},
author={Siddaway, Andy P and Wood, Alex M and Hedges, Larry V},
journal={Annual Review of Psychology},
volume={70},
pages={747--770},
year={2019},
doi={10.1146/annurev-psych-010418-102803}
}
@article{micceri1989,
title={The unicorn, the normal curve, and other improbable creatures.},
author={Micceri, Theodore},
journal={Psychological Bulletin},
volume={105},
number={1},
pages={156},
year={1989},
publisher={American Psychological Association}
}
@article{bollen2002,
title={Latent variables in psychology and the social sciences},
author={Bollen, Kenneth A},
journal={Annual Review of Psychology},
volume={53},
number={1},
pages={605--634},
year={2002},
publisher={Annual Reviews 4139 El Camino Way, PO Box 10139, Palo Alto, CA 94303-0139, USA}
}
@article{Zins2007,
title={Conceptual approaches for defining data, information, and knowledge},
author={Zins, Chaim},
journal={Journal of the American Society for Information Science and Technology},
volume={58},
number={4},
pages={479--493},
year={2007}
}
@book{Shmueli2020,
title={Data Mining for Business Analytics: Concepts, techniques, and applications in Python},
year=2020,
author={Shmueli, G. and Bruce, P. C., and Gedeck, P. and Patel, N. R.},
publisher={Wiley \& Sons},
address={New Jersey, USA}
}
@article{Rowley2007,
title={The wisdom hierarchy: representations of the DIKW hierarchy},
author={Rowley, Jennifer},
journal={Journal of Information Science},
volume={33},
number={2},
pages={163--180},
year={2007},
doi={10.1177/0165551506070706}
}
@article{Belaid2021,
title={CrashNet: an encoder--decoder architecture to predict crash test outcomes},
author={Belaid, Mohamed Karim and Rabus, Maximilian and Krestel, Ralf},
journal={Data Mining and Knowledge Discovery},
pages={1--22},
year={2021},
publisher={Springer}
}
@article{Correa2019,
title={Evaluation of collaborative consumption of food delivery services through web mining techniques},
author={Correa, Juan C and Garz{\'o}n, Wilmer and Brooker, Phillip and Sakarkar, Gopal and Carranza, Steven A and Yunado, Leidy and Rinc{\'o}n, Alejandro},
journal={Journal of Retailing and Consumer Services},
volume={46},
pages={45--50},
year={2019},
publisher={Elsevier}
}
@article{Correa2021,
title={The Sci-Hub effect on papers’ citations},
author={Correa, Juan C and Laverde-Rojas, Henry and Tejada, Julian and Marmolejo-Ramos, Fernando},
journal={Scientometrics},
pages={1--28},
year={2021},
doi={10.1007/s11192-020-03806-w}
}
@book{Molin2021,
title={{Hands-On Data Analysis with Pandas}},
year=2021,
author={Molin, S.},
publisher={Pakt Publishing},
address={Birmingham: UK},
edition={2nd}
}
@article{Zins2007,
title={Conceptual approaches for defining data, information, and knowledge},
author={Zins, Chaim},
journal={Journal of the American society for information science and technology},
volume={58},
number={4},
pages={479--493},
year={2007},
publisher={Wiley Online Library}
}
@article{Cleveland1982,
title={Information as a resource},
author={Cleveland, Harlan},
journal={Futurist},
volume={16},
number={6},
pages={34--39},
year={1982},
publisher={ERIC}
}
@book{Correa2023,
author = {Correa, J. C.},
year={2023},
title = {Chat GPT: Lecciones para el desarrollo y la innovación empresarial},
publisher = {Monterrey, Mexico}
}
@book{Rokach2008,
author={Rokach, L. and Maimon, O.}, 
year={2008},
title={{Data Mining with Decision Trees}},
publisher={World Scientific Publishing}
}
@article{Amatulli2023,
title={The influence of a lockdown on consumption: An exploratory study on generation Z's consumers},
author={Amatulli, Cesare and Peluso, Alessandro M and Sestino, Andrea and Guido, Gianluigi and Belk, Russell},
journal={Journal of Retailing and Consumer Services},
volume={73},
pages={103358},
year={2023},
publisher={Elsevier}
}
@article{Classen2007,
title={Population-based health promotion perspective for older driver safety: conceptual framework to intervention plan},
author={Classen, Sherrilene and Lopez, Ellen DS and Winter, Sandra and Awadzi, Kezia D and Ferree, Nita and Garvan, Cynthia W},
journal={Clinical interventions in aging},
volume={2},
number={4},
pages={677--693},
year={2007},
publisher={Taylor \& Francis}
}
@article{Gelo2008,
title={Quantitative and qualitative research: Beyond the debate},
author={Gelo, Omar and Braakmann, Diana and Benetka, Gerhard},
journal={Integrative psychological and behavioral science},
volume={42},
pages={266--290},
year={2008},
publisher={Springer}
}
@article{Lim2023,
title={Kill chaos with kindness: Agreeableness improves team performance under uncertainty},
author={Lim, Soo Ling and Bentley, Peter J and Peterson, Randall S and Hu, Xiaoran and Prouty McLaren, JoEllyn},
journal={Collective Intelligence},
volume={2},
number={1},
pages={26339137231158584},
year={2023},
doi={10.1177/26339137231158584}
}
@article{Correa2017,
title={Ideological consumerism in Colombian elections, 2015: Links between political ideology, Twitter activity, and electoral results},
author={Correa, J. C. and Camargo, Jorge E},
journal={Cyberpsychology, Behavior, and Social Networking},
volume={20},
number={1},
pages={37--43},
year={2017},
doi={10.1089/cyber.2016.0402}
}
@article{vallejo2020,
title={A text mining approach for adapting a school-based sexual health promotion program in Colombia},
author={Vallejo-Medina, Pablo and Correa, J.C. and G{\'o}mez-Lugo, Mayra and Saavedra-Roa, Diego Alejandro and Garc{\'\i}a-Monta{\~n}o, Eileen and P{\'e}rez-Pedraza, Diana and Niebles-Charris, Janivys and Garc{\'\i}a-Roncallo, Paola and Abello-Luque, Daniella and Espada, Jos{\'e} Pedro and others},
journal={Preventive Medicine Reports},
volume={18},
pages={101090},
year={2020},
doi={10.1016/j.pmedr.2020.101090}
}
@article{youyou2015,
title={Computer-based personality judgments are more accurate than those made by humans},
author={Youyou, Wu and Kosinski, Michal and Stillwell, David},
journal={Proceedings of the National Academy of Sciences},
volume={112},
number={4},
pages={1036--1040},
year={2015},
doi={10.1073/pnas.1418680112}
}
@article{wang2021,
title={The teaching design methods under educational psychology based on deep learning and artificial intelligence},
author={Wang, Zewen and Cai, Lin and Chen, Yahan and Li, Hongming and Jia, Hanze},
journal={Frontiers in Psychology},
volume={12},
pages={711489},
year={2021},
doi={10.3389/fpsyg.2021.711489}
}
@article{goretzko2021,
title={Pitfalls of Machine Learning-Based Personnel Selection},
author={Goretzko, David and Israel, Laura Sophia Finja},
journal={Journal of Personnel Psychology},
year={2021},
doi={10.1027/1866-5888/a000287}
}
@article{hayes2020,
title={A complex systems approach to the study of change in psychotherapy},
author={Hayes, Adele M and Andrews, Leigh A},
journal={BMC medicine},
volume={18},
pages={1--13},
year={2020},
doi={10.1186/s12916-020-01662-2}
}
@article{zarate2023,
title={{How good is the Myers-Briggs Type Indicator for predicting leadership-related behaviors?}},
author={Z{\'a}rate-Torres, Rodrigo and Correa, Juan C},
journal={Frontiers in Psychology},
volume={14},
year={2023},
doi={10.3389/fpsyg.2023.940961}
}
@article{Caston2023,
title={A novel thermoelectric device integrated with a psychophysical paradigm to study pain processing in human subjects},
author={Caston, Rose M and Davis, Tyler S and Smith, Elliot H and Rahimpour, Shervin and Rolston, John D},
journal={Journal of Neuroscience Methods},
volume={386},
pages={109780},
year={2023},
doi={10.1016/j.jneumeth.2022.109780}
}
@article{Burgos1998,
author={Burgos, J.E.},
title={{Vida Artificial: Un Paradigma para el studio de la filogenia del aprendizaje}},
year={1998},
journal={Analogías del Comportamiento},
volume={3},
pages={87-121}
}
@article{Correa2016,
author={Correa, J. C.},
title={The behavioral interaction of road users in traffic:
An example of the potential of intelligent agent-based
simulations in psychology},
year={2016},
journal={{Revista Latinoamericana de Psicología}},
volume={48},
pages={201-208},
doi={10.1016/j.rlp.2016.06.002}
}
@article{lazer2009,
title={Computational social science},
author={Lazer, David and Pentland, Alex and Adamic, Lada and Aral, Sinan and Barab{\'a}si, Albert-L{\'a}szl{\'o} and Brewer, Devon and Christakis, Nicholas and Contractor, Noshir and Fowler, James and Gutmann, Myron and others},
journal={Science},
volume={323},
number={5915},
pages={721--723},
year={2009},
doi={10.1126/science.1167742}
}
@article{Watts2007,
title={A twenty-first century science},
author={Watts, Duncan J},
journal={Nature},
volume={445},
number={7127},
pages={489--489},
year={2007}
}
@article{bollen2011,
title={Twitter mood predicts the stock market},
author={Bollen, Johan and Mao, Huina and Zeng, Xiaojun},
journal={Journal of computational science},
volume={2},
number={1},
pages={1--8},
year={2011},
doi={10.1016/j.jocs.2010.12.007}
}
@article{Correa2020,
author={Correa, J. C.},
year={2020},
title={Metrics of Emergence, Self-Organization, and Complexity for EWOM research},
journal={Frontiers in Physics},
volume=8,
pages=35,
doi={10.3389/fphy.2020.00035}
}